<?xml version="1.0" encoding="UTF-8"?><collection xmlns="http://www.loc.gov/MARC21/slim"><record><leader>00419nam--2200157-i-4500</leader><controlfield tag="001">000022346</controlfield><controlfield tag="002">20161230</controlfield><controlfield tag="005">20170304152750</controlfield><controlfield tag="008">060222s1000------------r-----000-0-eng-d</controlfield><datafield ind1=" " ind2=" " tag="080"><subfield code="a">061.3:517.11:518.12:681.32:621.391</subfield></datafield><datafield ind1=" " ind2=" " tag="245"><subfield code="a">Information procesing 1962</subfield></datafield><datafield ind1=" " ind2=" " tag="260"><subfield code="a">Amsterdam</subfield><subfield code="b">North-holland Publ.Co</subfield><subfield code="c">1963</subfield></datafield><datafield ind1=" " ind2=" " tag="300"><subfield code="a">XVI + 780 p</subfield></datafield><datafield ind1=" " ind2=" " tag="700"><subfield code="a">Popplewell, C. M</subfield></datafield><datafield ind1=" " ind2=" " tag="852"><subfield code="a">13868</subfield></datafield><datafield ind1=" " ind2=" " tag="CAT"><subfield code="a">SYS</subfield><subfield code="c">20170304</subfield><subfield code="h">152750</subfield></datafield></record></collection>